Find BibTex Syntax at:
	https://en.wikipedia.org/wiki/BibTeX

@techreport{techreport,
	author 	= {Chang Liu and Michael Hicks and Elaine Shi},
	title 		= {Memory Trace Oblivious Program Execution},
	institution	= {The University of Maryland, College Park},
	number	= {CS-TR-5020},
	year		= { . }
}

@unpublished{paper,
	author 	= {Chang Liu and Michael Hicks and Elaine Shi},
	title 		= {Memory Trace Oblivious Program Execution},
	note		= { Unpublished }
}